@article{bianchi2017monetary,
  title={Monetary/fiscal policy mix and agents' beliefs},
  author={Bianchi, Francesco and Ilut, Cosmin},
  journal={Review of economic Dynamics},
  volume={26},
  pages={113--139},
  year={2017},
  publisher={Elsevier}
}

@article{bianchi2012regime,
  title={Regime switches, agents' beliefs, and post-world war ii us macroeconomic dynamics},
  author={Bianchi, Francesco},
  journal={Review of Economic Studies},
  volume={80},
  number={2},
  pages={463--490},
  year={2012},
  publisher={Oxford University Press}
}

@article{berardi2017empirical,
  title={Empirical calibration of adaptive learning},
  author={Berardi, Michele and Galimberti, Jaqueson K},
  journal={Journal of Economic Behavior \& Organization},
  volume={144},
  pages={219--237},
  year={2017},
  publisher={Elsevier}
}

@article{berardi2017smoothing,
  title={Smoothing-based initialization for learning-to-forecast algorithms},
  author={Berardi, Michele and Galimberti, Jaqueson K},
  journal={Macroeconomic Dynamics},
  pages={1--16},
  year={2017},
  publisher={Cambridge University Press}
}


@article{berardi2017initialization,
  title={On the initialization of adaptive learning in macroeconomic models},
  author={Berardi, Michele and Galimberti, Jaqueson K},
  journal={Journal of Economic Dynamics and Control},
  volume={78},
  pages={26--53},
  year={2017},
  publisher={Elsevier}
}


@article{ji2016government,
  title={Government spending multipliers and the zero lower bound},
  author={Ji, Yangyang and Xiao, Wei},
  journal={Journal of Macroeconomics},
  volume={48},
  pages={87--100},
  year={2016},
  publisher={Elsevier}
}

@article{christiano2011government,
  title={When is the government spending multiplier large?},
  author={Christiano, Lawrence and Eichenbaum, Martin and Rebelo, Sergio},
  journal={Journal of Political Economy},
  volume={119},
  number={1},
  pages={78--121},
  year={2011},
  publisher={University of Chicago Press Chicago, IL}
}

@article{quaghebeur2018learning,
  title={Learning and the Size of the Government Spending Multiplier},
  author={Quaghebeur, Ewoud},
  journal={Macroeconomic Dynamics},
  pages={1--36},
  year={2018},
  publisher={Cambridge University Press}
}

@article{bianchi2016methods,
  title={Methods for measuring expectations and uncertainty in Markov-switching models},
  author={Bianchi, Francesco},
  journal={Journal of Econometrics},
  volume={190},
  number={1},
  pages={79--99},
  year={2016},
  publisher={Elsevier}
}

@article{slobodyan2012alearning,
  title={Learning in an estimated medium-scale DSGE model},
  author={Slobodyan, Sergey and Wouters, Raf},
  journal={Journal of Economic Dynamics and control},
  volume={36},
  number={1},
  pages={26--46},
  year={2012},
  publisher={Elsevier}
}

@article{slobodyan2012blearning,
  title={Learning in a medium-scale DSGE model with expectations based on small forecasting models},
  author={Slobodyan, Sergey and Wouters, Raf},
  journal={American Economic Journal: Macroeconomics},
  volume={4},
  number={2},
  pages={65--101},
  year={2012}
}

@article{arifovic2018learning,
  title={Learning to live in a liquidity trap},
  author={Arifovic, Jasmina and Schmitt-Groh{\'e}, Stephanie and Uribe, Mart{\'\i}n},
  journal={Journal of Economic Dynamics and Control},
  volume={89},
  pages={120--136},
  year={2018},
  publisher={Elsevier}
}

@article{evans2008liquidity,
  title={Liquidity traps, learning and stagnation},
  author={Evans, George W and Guse, Eran and Honkapohja, Seppo},
  journal={European Economic Review},
  volume={52},
  number={8},
  pages={1438--1463},
  year={2008},
  publisher={Elsevier}
}

@article{liu2011evolving,
  title={Evolving macroeconomic dynamics in a small open economy: An estimated markov switching DSGE model for the UK},
  author={Liu, Philip and Mumtaz, Haroon},
  journal={Journal of Money, Credit and Banking},
  volume={43},
  number={7},
  pages={1443--1474},
  year={2011},
  publisher={Wiley Online Library}
}

@article{farmer2011minimal,
  title={Minimal state variable solutions to Markov-switching rational expectations models},
  author={Farmer, Roger EA and Waggoner, Daniel F and Zha, Tao},
  journal={Journal of Economic Dynamics and Control},
  volume={35},
  number={12},
  pages={2150--2166},
  year={2011},
  publisher={Elsevier}
}


@article{farmer2009understanding,
  title={Understanding Markov-switching rational expectations models},
  author={Farmer, Roger EA and Waggoner, Daniel F and Zha, Tao},
  journal={Journal of Economic theory},
  volume={144},
  number={5},
  pages={1849--1867},
  year={2009},
  publisher={Elsevier}
}

@article{liu2011sources,
  title={Sources of macroeconomic fluctuations: A regime-switching DSGE approach},
  author={Liu, Zheng and Waggoner, Daniel F and Zha, Tao},
  journal={Quantitative Economics},
  volume={2},
  number={2},
  pages={251--301},
  year={2011},
  publisher={Wiley Online Library}
}


@article{farmer2009indeterminacy,
  title={Indeterminacy in a forward-looking regime switching model},
  author={Farmer, Roger EA and Waggoner, Daniel F and Zha, Tao},
  journal={International Journal of Economic Theory},
  volume={5},
  number={1},
  pages={69--84},
  year={2009},
  publisher={Wiley Online Library}
}

@article{davig2007generalizing,
  title={Generalizing the Taylor principle},
  author={Davig, Troy and Leeper, Eric M},
  journal={American Economic Review},
  volume={97},
  number={3},
  pages={607--635},
  year={2007}
}

@article{benhabib2001perils,
  title={The perils of Taylor rules},
  author={Benhabib, Jess and Schmitt-Groh{\'e}, Stephanie and Uribe, Martin},
  journal={Journal of Economic Theory},
  volume={96},
  number={1-2},
  pages={40--69},
  year={2001},
  publisher={Elsevier}
}


@article{maih2015efficient,
  title={Efficient perturbation methods for solving regime-switching DSGE models},
  author={Maih, Junior},
  year={2015}
}

@article{binning2015sigma,
  title={Sigma point filters for dynamic nonlinear regime switching models},
  author={Binning, Andrew and Maih, Junior},
  year={2015}
}

@techreport{linde2017estimation,
  title={Estimation of Operational Macromodels at the Zero Lower Bound},
  author={Lind{\'e}, Jesper and Maih, Junior and Wouters, Rafael},
  year={2017},
  institution={Mimeo}
}

@article{smets2007shocks,
  title={Shocks and frictions in US business cycles: A Bayesian DSGE approach},
  author={Smets, Frank and Wouters, Rafael},
  journal={American economic review},
  volume={97},
  number={3},
  pages={586--606},
  year={2007}
}

@article{arifovic2013social,
  title={Social learning and monetary policy rules},
  author={Arifovic, Jasmina and Bullard, James and Kostyshyna, Olena},
  journal={The Economic Journal},
  volume={123},
  number={567},
  pages={38--76},
  year={2013},
  publisher={Wiley Online Library}
}

@article{kim1999state,
  title={State-space models with regime switching: classical and Gibbs-sampling approaches with applications},
  author={Kim, Chang-Jin and Nelson, Charles R and others},
  journal={MIT Press Books},
  volume={1},
  year={1999},
  publisher={The MIT press}
}

@article{branch2013adaptive,
  title={Adaptive learning in regime-switching models},
  author={Branch, William A and Davig, Troy and McGough, Bruce},
  journal={Macroeconomic Dynamics},
  volume={17},
  number={5},
  pages={998--1022},
  year={2013},
  publisher={Cambridge University Press}
}


@incollection{linde2016challenges,
  title={Challenges for Central Banksâ€™ macro models},
  author={Lind{\'e}, Jesper and Smets, Frank and Wouters, Rafael},
  booktitle={Handbook of macroeconomics},
  volume={2},
  pages={2185--2262},
  year={2016},
  publisher={Elsevier}
}

@article{evans201011,
  title={11 Expectations, deflation traps and macroeconomic policy},
  author={Evans, George W and Honkapohja, Seppo},
  journal={Twenty Years of Inflation Targeting: Lessons Learned and Future Prospects},
  pages={232},
  year={2010},
  publisher={Cambridge University Press}
}


@article{gibbs2017forecast,
  title={Forecast combination, non-linear dynamics, and the macroeconomy},
  author={Gibbs, Christopher G},
  journal={Economic Theory},
  volume={63},
  number={3},
  pages={653--686},
  year={2017},
  publisher={Springer}
}

@book{evans2012learning,
  title={Learning and expectations in macroeconomics},
  author={Evans, George W and Honkapohja, Seppo},
  year={2012},
  publisher={Princeton University Press}
}

@article{milani2007expectations,
  title={Expectations, learning and macroeconomic persistence},
  author={Milani, Fabio},
  journal={Journal of monetary Economics},
  volume={54},
  number={7},
  pages={2065--2082},
  year={2007},
  publisher={Elsevier}
}


@article{bullard2002learning,
  title={Learning about monetary policy rules},
  author={Bullard, James and Mitra, Kaushik},
  journal={Journal of monetary economics},
  volume={49},
  number={6},
  pages={1105--1129},
  year={2002},
  publisher={Elsevier}
}


@article{gibbs2018learning,
  title={Learning to believe in secular stagnation},
  author={Gibbs, Christopher G},
  journal={Economics Letters},
  volume={163},
  pages={50--54},
  year={2018},
  publisher={Elsevier}
}

@article{eusepi2011expectations,
  title={Expectations, learning, and business cycle fluctuations},
  author={Eusepi, Stefano and Preston, Bruce},
  journal={American Economic Review},
  volume={101},
  number={6},
  pages={2844--72},
  year={2011}
}

@article{woodford2013macroeconomic,
  title={Macroeconomic analysis without the rational expectations hypothesis},
  author={Woodford, Michael},
  journal={Annu. Rev. Econ.},
  volume={5},
  number={1},
  pages={303--346},
  year={2013},
  publisher={Annual Reviews}
}

@misc{woodford2003interest,
  title={Interest rate and prices},
  author={Woodford, Michael},
  year={2003},
  publisher={Princeton University Press Princeton, NJ, and Oxford}
}

@article{fernandez2015nonlinear,
  title={Nonlinear adventures at the zero lower bound},
  author={Fern{\'a}ndez-Villaverde, Jes{\'u}s and Gordon, Grey and Guerr{\'o}n-Quintana, Pablo and Rubio-Ramirez, Juan F},
  journal={Journal of Economic Dynamics and Control},
  volume={57},
  pages={182--204},
  year={2015},
  publisher={Elsevier}
}

@article{bullard2014does,
  title={When does determinacy imply expectational stability?},
  author={Bullard, James and Eusepi, Stefano},
  journal={International Economic Review},
  volume={55},
  number={1},
  pages={1--22},
  year={2014},
  publisher={Wiley Online Library}
}

@article{lansing2018endogenous,
  title={Endogenous Regime Switching Near the Zero Lower Bound},
  author={Lansing, Kevin J},
  year={2018},
  organization={Federal Reserve Bank of San Francisco}
}

@article{di2016adaptive,
  title={Adaptive learning and labour market dynamics},
  author={Di Pace, Federico and Mitra, Kaushik and Zhang, Shoujian},
  year={2016}
}

@article{sims2006were,
  title={Were there regime switches in US monetary policy?},
  author={Sims, Christopher A and Zha, Tao},
  journal={American Economic Review},
  volume={96},
  number={1},
  pages={54--81},
  year={2006}
}

@article{sims2008methods,
  title={Methods for inference in large multiple-equation Markov-switching models},
  author={Sims, Christopher A and Waggoner, Daniel F and Zha, Tao},
  journal={Journal of Econometrics},
  volume={146},
  number={2},
  pages={255--274},
  year={2008},
  publisher={Elsevier}
}


@techreport{bonam2017effects,
  title={The effects of fiscal policy at the effective lower bound},
  author={Bonam, Dennis and de Haan, Jakob and Soederhuizen, Beau and others},
  year={2017},
  institution={Netherlands Central Bank, Research Department}
}

@article{binning2016implementing,
  title={Implementing the zero lower bound in an estimated regime-switching DSGE model},
  author={Binning, Andrew and Maih, Junior},
  year={2016}
}


@article{hommes2014behavioral,
  title={Behavioral learning equilibria},
  author={Hommes, Cars and Zhu, Mei},
  journal={Journal of Economic Theory},
  volume={150},
  pages={778--814},
  year={2014},
  publisher={Elsevier}
}

@article{uhlig1995toolkit,
  title={A toolkit for analyzing nonlinear dynamic stochastic models easily},
  author={Uhlig, Harald F and others},
  year={1995},
  publisher={Institute for Empirical Macroeconomics, Federal Reserve Bank of Minneapolis}
}

@techreport{christopher2018learning,
  title={Expectations and the empirical fit of DSGE models},
  author={Gaus, Eric and Gibbs, G. Christopher},
  year={2018},
  institution={Mimeo}}


@article{an2007bayesian,
  title={Bayesian analysis of DSGE models},
  author={An, Sungbae and Schorfheide, Frank},
  journal={Econometric reviews},
  volume={26},
  number={2-4},
  pages={113--172},
  year={2007},
  publisher={Taylor \& Francis}
}

@article{adjemian2011dynare,
  title={Dynare: Reference manual, version 4},
  author={Adjemian, St{\'e}phane and Bastani, Houtan and Juillard, Michel and Mihoubi, Ferhat and Perendia, George and Ratto, Marco and Villemot, S{\'e}bastien},
  year={2011},
  publisher={Dynare working papers 1, CEPREMAP}
}

@article{smets2003estimated,
  title={An estimated dynamic stochastic general equilibrium model of the euro area},
  author={Smets, Frank and Wouters, Raf},
  journal={Journal of the European economic association},
  volume={1},
  number={5},
  pages={1123--1175},
  year={2003},
  publisher={Wiley Online Library}
}

@article{branch2006simple,
  title={A simple recursive forecasting model},
  author={Branch, William A and Evans, George W},
  journal={Economics Letters},
  volume={91},
  number={2},
  pages={158--166},
  year={2006},
  publisher={Elsevier}
}